%YAML 1.1
%TAG !u! tag:unity3d.com,2011:
--- !u!1 &2908360564031527580
GameObject:
  m_ObjectHideFlags: 0
  m_CorrespondingSourceObject: {fileID: 0}
  m_PrefabInstance: {fileID: 0}
  m_PrefabAsset: {fileID: 0}
  serializedVersion: 6
  m_Component:
  - component: {fileID: 287882430564068365}
  - component: {fileID: 6223013102441462623}
  - component: {fileID: 7964758038713049188}
  m_Layer: 5
  m_Name: Timer Indicator (3)
  m_TagString: Untagged
  m_Icon: {fileID: 0}
  m_NavMeshLayer: 0
  m_StaticEditorFlags: 0
  m_IsActive: 0
--- !u!224 &287882430564068365
RectTransform:
  m_ObjectHideFlags: 0
  m_CorrespondingSourceObject: {fileID: 0}
  m_PrefabInstance: {fileID: 0}
  m_PrefabAsset: {fileID: 0}
  m_GameObject: {fileID: 2908360564031527580}
  m_LocalRotation: {x: -0, y: -0, z: -0, w: 1}
  m_LocalPosition: {x: 0, y: 0, z: 0}
  m_LocalScale: {x: 1, y: 1, z: 1}
  m_ConstrainProportionsScale: 0
  m_Children: []
  m_Father: {fileID: 1530964460156849294}
  m_RootOrder: -1
  m_LocalEulerAnglesHint: {x: 0, y: 0, z: 0}
  m_AnchorMin: {x: 0, y: 1}
  m_AnchorMax: {x: 0, y: 1}
  m_AnchoredPosition: {x: 0.825, y: -0.1}
  m_SizeDelta: {x: 0.15, y: 0.2}
  m_Pivot: {x: 0.5, y: 0.5}
--- !u!222 &6223013102441462623
CanvasRenderer:
  m_ObjectHideFlags: 0
  m_CorrespondingSourceObject: {fileID: 0}
  m_PrefabInstance: {fileID: 0}
  m_PrefabAsset: {fileID: 0}
  m_GameObject: {fileID: 2908360564031527580}
  m_CullTransparentMesh: 1
--- !u!114 &7964758038713049188
MonoBehaviour:
  m_ObjectHideFlags: 0
  m_CorrespondingSourceObject: {fileID: 0}
  m_PrefabInstance: {fileID: 0}
  m_PrefabAsset: {fileID: 0}
  m_GameObject: {fileID: 2908360564031527580}
  m_Enabled: 1
  m_EditorHideFlags: 0
  m_Script: {fileID: 11500000, guid: fe87c0e1cc204ed48ad3b37840f39efc, type: 3}
  m_Name: 
  m_EditorClassIdentifier: 
  m_Material: {fileID: 0}
  m_Color: {r: 1, g: 1, b: 1, a: 1}
  m_RaycastTarget: 0
  m_RaycastPadding: {x: 0, y: 0, z: 0, w: 0}
  m_Maskable: 0
  m_OnCullStateChanged:
    m_PersistentCalls:
      m_Calls: []
  m_Sprite: {fileID: 7482667652216324306, guid: 48e93eef0688c4a259cb0eddcd8661f7, type: 3}
  m_Type: 3
  m_PreserveAspect: 0
  m_FillCenter: 1
  m_FillMethod: 1
  m_FillAmount: 1
  m_FillClockwise: 1
  m_FillOrigin: 0
  m_UseSpriteMesh: 0
  m_PixelsPerUnitMultiplier: 1
--- !u!1001 &3202823533353177119
PrefabInstance:
  m_ObjectHideFlags: 0
  serializedVersion: 2
  m_Modification:
    serializedVersion: 2
    m_TransformParent: {fileID: 0}
    m_Modifications:
    - target: {fileID: 17069867403931234, guid: 5ac5851f3fa6d9ef0a87346abd5a70aa, type: 3}
      propertyPath: m_Color.b
      value: 0
      objectReference: {fileID: 0}
    - target: {fileID: 17069867403931234, guid: 5ac5851f3fa6d9ef0a87346abd5a70aa, type: 3}
      propertyPath: m_Color.g
      value: 0
      objectReference: {fileID: 0}
    - target: {fileID: 17069867403931234, guid: 5ac5851f3fa6d9ef0a87346abd5a70aa, type: 3}
      propertyPath: m_Color.r
      value: 0
      objectReference: {fileID: 0}
    - target: {fileID: 3389775667060085520, guid: 5ac5851f3fa6d9ef0a87346abd5a70aa, type: 3}
      propertyPath: hp
      value: 5
      objectReference: {fileID: 0}
    - target: {fileID: 3389775667060085520, guid: 5ac5851f3fa6d9ef0a87346abd5a70aa, type: 3}
      propertyPath: maxHp
      value: 5
      objectReference: {fileID: 0}
    - target: {fileID: 3389775667060085520, guid: 5ac5851f3fa6d9ef0a87346abd5a70aa, type: 3}
      propertyPath: uiTrs
      value: 
      objectReference: {fileID: 3076327103798332423}
    - target: {fileID: 3389775667060085520, guid: 5ac5851f3fa6d9ef0a87346abd5a70aa, type: 3}
      propertyPath: radius
      value: 0.5
      objectReference: {fileID: 0}
    - target: {fileID: 3389775667060085520, guid: 5ac5851f3fa6d9ef0a87346abd5a70aa, type: 3}
      propertyPath: moveSpeed
      value: 5
      objectReference: {fileID: 0}
    - target: {fileID: 3389775667060085520, guid: 5ac5851f3fa6d9ef0a87346abd5a70aa, type: 3}
      propertyPath: radiusSqr
      value: 0.25
      objectReference: {fileID: 0}
    - target: {fileID: 3389775667060085520, guid: 5ac5851f3fa6d9ef0a87346abd5a70aa, type: 3}
      propertyPath: prefabIndex
      value: 1
      objectReference: {fileID: 0}
    - target: {fileID: 3389775667060085520, guid: 5ac5851f3fa6d9ef0a87346abd5a70aa, type: 3}
      propertyPath: abilities.Array.size
      value: 3
      objectReference: {fileID: 0}
    - target: {fileID: 3389775667060085520, guid: 5ac5851f3fa6d9ef0a87346abd5a70aa, type: 3}
      propertyPath: abilities.Array.data[0]
      value: 
      objectReference: {fileID: 8251633434928948603}
    - target: {fileID: 3389775667060085520, guid: 5ac5851f3fa6d9ef0a87346abd5a70aa, type: 3}
      propertyPath: abilities.Array.data[1]
      value: 
      objectReference: {fileID: 677018504365220316}
    - target: {fileID: 3389775667060085520, guid: 5ac5851f3fa6d9ef0a87346abd5a70aa, type: 3}
      propertyPath: abilities.Array.data[2]
      value: 
      objectReference: {fileID: 2677883781219091477}
    - target: {fileID: 3661519079892034979, guid: 5ac5851f3fa6d9ef0a87346abd5a70aa, type: 3}
      propertyPath: m_AnchorMax.y
      value: 0
      objectReference: {fileID: 0}
    - target: {fileID: 3661519079892034979, guid: 5ac5851f3fa6d9ef0a87346abd5a70aa, type: 3}
      propertyPath: m_AnchorMin.y
      value: 0
      objectReference: {fileID: 0}
    - target: {fileID: 3661519079892034979, guid: 5ac5851f3fa6d9ef0a87346abd5a70aa, type: 3}
      propertyPath: m_SizeDelta.x
      value: 0
      objectReference: {fileID: 0}
    - target: {fileID: 3661519079892034979, guid: 5ac5851f3fa6d9ef0a87346abd5a70aa, type: 3}
      propertyPath: m_SizeDelta.y
      value: 0
      objectReference: {fileID: 0}
    - target: {fileID: 3661519079892034979, guid: 5ac5851f3fa6d9ef0a87346abd5a70aa, type: 3}
      propertyPath: m_AnchoredPosition.x
      value: 0
      objectReference: {fileID: 0}
    - target: {fileID: 3661519079892034979, guid: 5ac5851f3fa6d9ef0a87346abd5a70aa, type: 3}
      propertyPath: m_AnchoredPosition.y
      value: 0
      objectReference: {fileID: 0}
    - target: {fileID: 4533337252512127749, guid: 5ac5851f3fa6d9ef0a87346abd5a70aa, type: 3}
      propertyPath: m_AnchorMax.y
      value: 0
      objectReference: {fileID: 0}
    - target: {fileID: 4533337252512127749, guid: 5ac5851f3fa6d9ef0a87346abd5a70aa, type: 3}
      propertyPath: m_AnchorMin.y
      value: 0
      objectReference: {fileID: 0}
    - target: {fileID: 4533337252512127749, guid: 5ac5851f3fa6d9ef0a87346abd5a70aa, type: 3}
      propertyPath: m_SizeDelta.x
      value: 0
      objectReference: {fileID: 0}
    - target: {fileID: 4533337252512127749, guid: 5ac5851f3fa6d9ef0a87346abd5a70aa, type: 3}
      propertyPath: m_SizeDelta.y
      value: 0
      objectReference: {fileID: 0}
    - target: {fileID: 4533337252512127749, guid: 5ac5851f3fa6d9ef0a87346abd5a70aa, type: 3}
      propertyPath: m_AnchoredPosition.x
      value: 0
      objectReference: {fileID: 0}
    - target: {fileID: 4533337252512127749, guid: 5ac5851f3fa6d9ef0a87346abd5a70aa, type: 3}
      propertyPath: m_AnchoredPosition.y
      value: 0
      objectReference: {fileID: 0}
    - target: {fileID: 8094417678492987843, guid: 5ac5851f3fa6d9ef0a87346abd5a70aa, type: 3}
      propertyPath: m_Name
      value: Player Unit 1
      objectReference: {fileID: 0}
    - target: {fileID: 8094417678492987844, guid: 5ac5851f3fa6d9ef0a87346abd5a70aa, type: 3}
      propertyPath: m_Mass
      value: 0.7853982
      objectReference: {fileID: 0}
    - target: {fileID: 8094417678492987847, guid: 5ac5851f3fa6d9ef0a87346abd5a70aa, type: 3}
      propertyPath: m_RootOrder
      value: 0
      objectReference: {fileID: 0}
    - target: {fileID: 8094417678492987847, guid: 5ac5851f3fa6d9ef0a87346abd5a70aa, type: 3}
      propertyPath: m_LocalPosition.x
      value: 0
      objectReference: {fileID: 0}
    - target: {fileID: 8094417678492987847, guid: 5ac5851f3fa6d9ef0a87346abd5a70aa, type: 3}
      propertyPath: m_LocalPosition.y
      value: 0
      objectReference: {fileID: 0}
    - target: {fileID: 8094417678492987847, guid: 5ac5851f3fa6d9ef0a87346abd5a70aa, type: 3}
      propertyPath: m_LocalPosition.z
      value: 0
      objectReference: {fileID: 0}
    - target: {fileID: 8094417678492987847, guid: 5ac5851f3fa6d9ef0a87346abd5a70aa, type: 3}
      propertyPath: m_LocalRotation.w
      value: 1
      objectReference: {fileID: 0}
    - target: {fileID: 8094417678492987847, guid: 5ac5851f3fa6d9ef0a87346abd5a70aa, type: 3}
      propertyPath: m_LocalRotation.x
      value: 0
      objectReference: {fileID: 0}
    - target: {fileID: 8094417678492987847, guid: 5ac5851f3fa6d9ef0a87346abd5a70aa, type: 3}
      propertyPath: m_LocalRotation.y
      value: 0
      objectReference: {fileID: 0}
    - target: {fileID: 8094417678492987847, guid: 5ac5851f3fa6d9ef0a87346abd5a70aa, type: 3}
      propertyPath: m_LocalRotation.z
      value: 0
      objectReference: {fileID: 0}
    - target: {fileID: 8094417678492987847, guid: 5ac5851f3fa6d9ef0a87346abd5a70aa, type: 3}
      propertyPath: m_LocalEulerAnglesHint.x
      value: 0
      objectReference: {fileID: 0}
    - target: {fileID: 8094417678492987847, guid: 5ac5851f3fa6d9ef0a87346abd5a70aa, type: 3}
      propertyPath: m_LocalEulerAnglesHint.y
      value: 0
      objectReference: {fileID: 0}
    - target: {fileID: 8094417678492987847, guid: 5ac5851f3fa6d9ef0a87346abd5a70aa, type: 3}
      propertyPath: m_LocalEulerAnglesHint.z
      value: 0
      objectReference: {fileID: 0}
    - target: {fileID: 9083511822543717652, guid: 5ac5851f3fa6d9ef0a87346abd5a70aa, type: 3}
      propertyPath: m_AnchorMax.y
      value: 0
      objectReference: {fileID: 0}
    - target: {fileID: 9083511822543717652, guid: 5ac5851f3fa6d9ef0a87346abd5a70aa, type: 3}
      propertyPath: m_AnchorMin.y
      value: 0
      objectReference: {fileID: 0}
    - target: {fileID: 9083511822543717652, guid: 5ac5851f3fa6d9ef0a87346abd5a70aa, type: 3}
      propertyPath: m_SizeDelta.x
      value: 0
      objectReference: {fileID: 0}
    - target: {fileID: 9083511822543717652, guid: 5ac5851f3fa6d9ef0a87346abd5a70aa, type: 3}
      propertyPath: m_SizeDelta.y
      value: 0
      objectReference: {fileID: 0}
    - target: {fileID: 9083511822543717652, guid: 5ac5851f3fa6d9ef0a87346abd5a70aa, type: 3}
      propertyPath: m_AnchoredPosition.x
      value: 0
      objectReference: {fileID: 0}
    - target: {fileID: 9083511822543717652, guid: 5ac5851f3fa6d9ef0a87346abd5a70aa, type: 3}
      propertyPath: m_AnchoredPosition.y
      value: 0
      objectReference: {fileID: 0}
    m_RemovedComponents: []
    m_AddedGameObjects:
    - targetCorrespondingSourceObject: {fileID: 8094417678492987847, guid: 5ac5851f3fa6d9ef0a87346abd5a70aa, type: 3}
      insertIndex: -1
      addedObject: {fileID: 7973982304558381836}
    - targetCorrespondingSourceObject: {fileID: 4129135758665751697, guid: 5ac5851f3fa6d9ef0a87346abd5a70aa, type: 3}
      insertIndex: -1
      addedObject: {fileID: 287882430564068365}
  m_SourcePrefab: {fileID: 100100000, guid: 5ac5851f3fa6d9ef0a87346abd5a70aa, type: 3}
--- !u!114 &250037785894191887 stripped
MonoBehaviour:
  m_CorrespondingSourceObject: {fileID: 3389775667060085520, guid: 5ac5851f3fa6d9ef0a87346abd5a70aa, type: 3}
  m_PrefabInstance: {fileID: 3202823533353177119}
  m_PrefabAsset: {fileID: 0}
  m_GameObject: {fileID: 6640437764362887644}
  m_Enabled: 1
  m_EditorHideFlags: 0
  m_Script: {fileID: 11500000, guid: 5f8a202fde2a3da63b8ad6b8100fea32, type: 3}
  m_Name: 
  m_EditorClassIdentifier: 
--- !u!224 &1530964460156849294 stripped
RectTransform:
  m_CorrespondingSourceObject: {fileID: 4129135758665751697, guid: 5ac5851f3fa6d9ef0a87346abd5a70aa, type: 3}
  m_PrefabInstance: {fileID: 3202823533353177119}
  m_PrefabAsset: {fileID: 0}
--- !u!114 &1678147173151957562 stripped
MonoBehaviour:
  m_CorrespondingSourceObject: {fileID: 4268091927901729317, guid: 5ac5851f3fa6d9ef0a87346abd5a70aa, type: 3}
  m_PrefabInstance: {fileID: 3202823533353177119}
  m_PrefabAsset: {fileID: 0}
  m_GameObject: {fileID: 0}
  m_Enabled: 1
  m_EditorHideFlags: 0
  m_Script: {fileID: 11500000, guid: fe87c0e1cc204ed48ad3b37840f39efc, type: 3}
  m_Name: 
  m_EditorClassIdentifier: 
--- !u!224 &3076327103798332423 stripped
RectTransform:
  m_CorrespondingSourceObject: {fileID: 487506118802234392, guid: 5ac5851f3fa6d9ef0a87346abd5a70aa, type: 3}
  m_PrefabInstance: {fileID: 3202823533353177119}
  m_PrefabAsset: {fileID: 0}
--- !u!114 &3209583337712501113 stripped
MonoBehaviour:
  m_CorrespondingSourceObject: {fileID: 69818999748874598, guid: 5ac5851f3fa6d9ef0a87346abd5a70aa, type: 3}
  m_PrefabInstance: {fileID: 3202823533353177119}
  m_PrefabAsset: {fileID: 0}
  m_GameObject: {fileID: 0}
  m_Enabled: 1
  m_EditorHideFlags: 0
  m_Script: {fileID: 11500000, guid: fe87c0e1cc204ed48ad3b37840f39efc, type: 3}
  m_Name: 
  m_EditorClassIdentifier: 
--- !u!95 &5255631019161586908 stripped
Animator:
  m_CorrespondingSourceObject: {fileID: 7250082470801022147, guid: 5ac5851f3fa6d9ef0a87346abd5a70aa, type: 3}
  m_PrefabInstance: {fileID: 3202823533353177119}
  m_PrefabAsset: {fileID: 0}
--- !u!114 &6492326650319083838 stripped
MonoBehaviour:
  m_CorrespondingSourceObject: {fileID: 8533151104422447393, guid: 5ac5851f3fa6d9ef0a87346abd5a70aa, type: 3}
  m_PrefabInstance: {fileID: 3202823533353177119}
  m_PrefabAsset: {fileID: 0}
  m_GameObject: {fileID: 0}
  m_Enabled: 1
  m_EditorHideFlags: 0
  m_Script: {fileID: 11500000, guid: fe87c0e1cc204ed48ad3b37840f39efc, type: 3}
  m_Name: 
  m_EditorClassIdentifier: 
--- !u!4 &6640437764362887640 stripped
Transform:
  m_CorrespondingSourceObject: {fileID: 8094417678492987847, guid: 5ac5851f3fa6d9ef0a87346abd5a70aa, type: 3}
  m_PrefabInstance: {fileID: 3202823533353177119}
  m_PrefabAsset: {fileID: 0}
--- !u!1 &6640437764362887644 stripped
GameObject:
  m_CorrespondingSourceObject: {fileID: 8094417678492987843, guid: 5ac5851f3fa6d9ef0a87346abd5a70aa, type: 3}
  m_PrefabInstance: {fileID: 3202823533353177119}
  m_PrefabAsset: {fileID: 0}
--- !u!114 &677018504365220316
MonoBehaviour:
  m_ObjectHideFlags: 0
  m_CorrespondingSourceObject: {fileID: 0}
  m_PrefabInstance: {fileID: 0}
  m_PrefabAsset: {fileID: 0}
  m_GameObject: {fileID: 6640437764362887644}
  m_Enabled: 1
  m_EditorHideFlags: 0
  m_Script: {fileID: 11500000, guid: 10e6130f31667f53a9617381c82c252f, type: 3}
  m_Name: 
  m_EditorClassIdentifier: 
  animationEntry:
    animatorStateName: Reload
    layer: 0
    animator: {fileID: 5255631019161586908}
  cooldown: 0
  isCoolingDown: 0
  cooldownIndicatorImage: {fileID: 3209583337712501113}
  rechargingColor: {r: 0.5019608, g: 0.5019608, b: 0.5019608, a: 1}
  rechargedColor: {r: 1, g: 1, b: 1, a: 1}
  maxChannelTime: 0
  doAnimation: 1
  cooldownTimeRemaining: 0
  channelTimeRemaining: 0
  multiplyCooldownTimer: 1
  animationNormalizedTime: -Infinity
--- !u!114 &1696921191274894406
MonoBehaviour:
  m_ObjectHideFlags: 0
  m_CorrespondingSourceObject: {fileID: 0}
  m_PrefabInstance: {fileID: 0}
  m_PrefabAsset: {fileID: 0}
  m_GameObject: {fileID: 6640437764362887644}
  m_Enabled: 1
  m_EditorHideFlags: 0
  m_Script: {fileID: 11500000, guid: 4c643d7f5b99e65dd81427426ef48150, type: 3}
  m_Name: 
  m_EditorClassIdentifier: 
  animationEntry:
    animatorStateName: 
    layer: 0
    animator: {fileID: 5255631019161586908}
  cooldown: 0
  isCoolingDown: 0
  cooldownIndicatorImage: {fileID: 7964758038713049188}
  rechargingColor: {r: 0.5019608, g: 0.5019608, b: 0.5019608, a: 1}
  rechargedColor: {r: 1, g: 1, b: 1, a: 1}
  maxChannelTime: 0
  doAnimation: 0
  cooldownTimeRemaining: 0
  channelTimeRemaining: 0
  multiplyCooldownTimer: 1
  animationNormalizedTime: 0
  ability: {fileID: 7439641075578293206}
--- !u!114 &2677883781219091477
MonoBehaviour:
  m_ObjectHideFlags: 0
  m_CorrespondingSourceObject: {fileID: 0}
  m_PrefabInstance: {fileID: 0}
  m_PrefabAsset: {fileID: 0}
  m_GameObject: {fileID: 6640437764362887644}
  m_Enabled: 1
  m_EditorHideFlags: 0
  m_Script: {fileID: 11500000, guid: 254e5c416d4b3384dbb6572a061b84f0, type: 3}
  m_Name: 
  m_EditorClassIdentifier: 
  animationEntry:
    animatorStateName: Damage Aura
    layer: 2
    animator: {fileID: 5255631019161586908}
  cooldown: 8
  isCoolingDown: 0
  cooldownIndicatorImage: {fileID: 6492326650319083838}
  rechargingColor: {r: 0.5019608, g: 0.5019608, b: 0.5019608, a: 1}
  rechargedColor: {r: 1, g: 1, b: 1, a: 1}
  maxChannelTime: 0
  doAnimation: 1
  cooldownTimeRemaining: 0
  channelTimeRemaining: 0
  multiplyCooldownTimer: 1
  animationNormalizedTime: -Infinity
  source: {fileID: 250037785894191887}
  range: 4
  duration: 3
  playerIndicesIAffect: 00000000
  playersIAffect: []
  canAffectSelf: 1
  canAffectSameUnitType: 1
  indicatorGo: {fileID: 7974103831060508843}
  addToDamageMultiplier: 0.4
--- !u!114 &5991018731223679300
MonoBehaviour:
  m_ObjectHideFlags: 0
  m_CorrespondingSourceObject: {fileID: 0}
  m_PrefabInstance: {fileID: 0}
  m_PrefabAsset: {fileID: 0}
  m_GameObject: {fileID: 6640437764362887644}
  m_Enabled: 1
  m_EditorHideFlags: 0
  m_Script: {fileID: 11500000, guid: 10e6130f31667f53a9617381c82c252f, type: 3}
  m_Name: 
  m_EditorClassIdentifier: 
  animationEntry:
    animatorStateName: None
    layer: 0
    animator: {fileID: 5255631019161586908}
  cooldown: 0
  isCoolingDown: 0
  cooldownIndicatorImage: {fileID: 7964758038713049188}
  rechargingColor: {r: 0.5019608, g: 0.5019608, b: 0.5019608, a: 1}
  rechargedColor: {r: 1, g: 1, b: 1, a: 1}
  maxChannelTime: 0
  doAnimation: 1
  cooldownTimeRemaining: 0
  channelTimeRemaining: 0
  multiplyCooldownTimer: 1
  animationNormalizedTime: -Infinity
--- !u!114 &7439641075578293206
MonoBehaviour:
  m_ObjectHideFlags: 0
  m_CorrespondingSourceObject: {fileID: 0}
  m_PrefabInstance: {fileID: 0}
  m_PrefabAsset: {fileID: 0}
  m_GameObject: {fileID: 6640437764362887644}
  m_Enabled: 1
  m_EditorHideFlags: 0
  m_Script: {fileID: 11500000, guid: 2181f8a53d687fe77937784c05386219, type: 3}
  m_Name: 
  m_EditorClassIdentifier: 
  animationEntry:
    animatorStateName: Shoot
    layer: 1
    animator: {fileID: 5255631019161586908}
  cooldown: Infinity
  isCoolingDown: 0
  cooldownIndicatorImage: {fileID: 1678147173151957562}
  rechargingColor: {r: 0.5019608, g: 0.5019608, b: 0.5019608, a: 1}
  rechargedColor: {r: 1, g: 1, b: 1, a: 1}
  maxChannelTime: 0
  doAnimation: 1
  cooldownTimeRemaining: 0
  channelTimeRemaining: 0
  multiplyCooldownTimer: 1
  animationNormalizedTime: -Infinity
  bulletPatternEntry:
    name: 
    bulletPattern: {fileID: 11400000, guid: 597d9cb1d3ad40a4c8db5ea2a6222b7b, type: 2}
    bulletPrefab: {fileID: 637213929362804173, guid: 1075781f27e779c6792ab3f59a046d20, type: 3}
    spawner: {fileID: 6640437764362887640}
  bulletLayerName: Player Bullet
  damageMultiplier: 1
  shooter: {fileID: 250037785894191887}
--- !u!114 &8251633434928948603
MonoBehaviour:
  m_ObjectHideFlags: 0
  m_CorrespondingSourceObject: {fileID: 0}
  m_PrefabInstance: {fileID: 0}
  m_PrefabAsset: {fileID: 0}
  m_GameObject: {fileID: 6640437764362887644}
  m_Enabled: 1
  m_EditorHideFlags: 0
  m_Script: {fileID: 11500000, guid: c4af3fe2d13233746b13084e3a2f3495, type: 3}
  m_Name: 
  m_EditorClassIdentifier: 
  animationEntry:
    animatorStateName: 
    layer: 0
    animator: {fileID: 5255631019161586908}
  cooldown: 0
  isCoolingDown: 0
  cooldownIndicatorImage: {fileID: 7964758038713049188}
  rechargingColor: {r: 0.5019608, g: 0.5019608, b: 0.5019608, a: 1}
  rechargedColor: {r: 1, g: 1, b: 1, a: 1}
  maxChannelTime: 0
  doAnimation: 0
  cooldownTimeRemaining: 0
  channelTimeRemaining: 0
  multiplyCooldownTimer: 1
  animationNormalizedTime: 0
  abilities:
  - {fileID: 5991018731223679300}
  - {fileID: 7439641075578293206}
--- !u!1001 &5841994475767742572
PrefabInstance:
  m_ObjectHideFlags: 0
  serializedVersion: 2
  m_Modification:
    serializedVersion: 2
    m_TransformParent: {fileID: 6640437764362887640}
    m_Modifications:
    - target: {fileID: 4592363379584086215, guid: ec2c9da732e386c45bcc85f91b3547d9, type: 3}
      propertyPath: m_Name
      value: Aura Indicator
      objectReference: {fileID: 0}
    - target: {fileID: 4592450811830582112, guid: ec2c9da732e386c45bcc85f91b3547d9, type: 3}
      propertyPath: m_RootOrder
      value: -1
      objectReference: {fileID: 0}
    - target: {fileID: 4592450811830582112, guid: ec2c9da732e386c45bcc85f91b3547d9, type: 3}
      propertyPath: m_LocalScale.x
      value: 9
      objectReference: {fileID: 0}
    - target: {fileID: 4592450811830582112, guid: ec2c9da732e386c45bcc85f91b3547d9, type: 3}
      propertyPath: m_LocalScale.y
      value: 9
      objectReference: {fileID: 0}
    - target: {fileID: 4592450811830582112, guid: ec2c9da732e386c45bcc85f91b3547d9, type: 3}
      propertyPath: m_LocalScale.z
      value: 9
      objectReference: {fileID: 0}
    - target: {fileID: 4592450811830582112, guid: ec2c9da732e386c45bcc85f91b3547d9, type: 3}
      propertyPath: m_LocalPosition.x
      value: 0
      objectReference: {fileID: 0}
    - target: {fileID: 4592450811830582112, guid: ec2c9da732e386c45bcc85f91b3547d9, type: 3}
      propertyPath: m_LocalPosition.y
      value: 0
      objectReference: {fileID: 0}
    - target: {fileID: 4592450811830582112, guid: ec2c9da732e386c45bcc85f91b3547d9, type: 3}
      propertyPath: m_LocalPosition.z
      value: 0
      objectReference: {fileID: 0}
    - target: {fileID: 4592450811830582112, guid: ec2c9da732e386c45bcc85f91b3547d9, type: 3}
      propertyPath: m_LocalRotation.w
      value: 1
      objectReference: {fileID: 0}
    - target: {fileID: 4592450811830582112, guid: ec2c9da732e386c45bcc85f91b3547d9, type: 3}
      propertyPath: m_LocalRotation.x
      value: 0
      objectReference: {fileID: 0}
    - target: {fileID: 4592450811830582112, guid: ec2c9da732e386c45bcc85f91b3547d9, type: 3}
      propertyPath: m_LocalRotation.y
      value: 0
      objectReference: {fileID: 0}
    - target: {fileID: 4592450811830582112, guid: ec2c9da732e386c45bcc85f91b3547d9, type: 3}
      propertyPath: m_LocalRotation.z
      value: 0
      objectReference: {fileID: 0}
    - target: {fileID: 4592450811830582112, guid: ec2c9da732e386c45bcc85f91b3547d9, type: 3}
      propertyPath: m_LocalEulerAnglesHint.x
      value: 0
      objectReference: {fileID: 0}
    - target: {fileID: 4592450811830582112, guid: ec2c9da732e386c45bcc85f91b3547d9, type: 3}
      propertyPath: m_LocalEulerAnglesHint.y
      value: 0
      objectReference: {fileID: 0}
    - target: {fileID: 4592450811830582112, guid: ec2c9da732e386c45bcc85f91b3547d9, type: 3}
      propertyPath: m_LocalEulerAnglesHint.z
      value: 0
      objectReference: {fileID: 0}
    m_RemovedComponents: []
    m_AddedGameObjects: []
  m_SourcePrefab: {fileID: 100100000, guid: ec2c9da732e386c45bcc85f91b3547d9, type: 3}
--- !u!4 &7973982304558381836 stripped
Transform:
  m_CorrespondingSourceObject: {fileID: 4592450811830582112, guid: ec2c9da732e386c45bcc85f91b3547d9, type: 3}
  m_PrefabInstance: {fileID: 5841994475767742572}
  m_PrefabAsset: {fileID: 0}
--- !u!1 &7974103831060508843 stripped
GameObject:
  m_CorrespondingSourceObject: {fileID: 4592363379584086215, guid: ec2c9da732e386c45bcc85f91b3547d9, type: 3}
  m_PrefabInstance: {fileID: 5841994475767742572}
  m_PrefabAsset: {fileID: 0}
