%YAML 1.1
%TAG !u! tag:unity3d.com,2011:
--- !u!1001 &3202823533353177119
PrefabInstance:
  m_ObjectHideFlags: 0
  serializedVersion: 2
  m_Modification:
    serializedVersion: 2
    m_TransformParent: {fileID: 0}
    m_Modifications:
    - target: {fileID: 17069867403931234, guid: 5ac5851f3fa6d9ef0a87346abd5a70aa, type: 3}
      propertyPath: m_Color.b
      value: 0
      objectReference: {fileID: 0}
    - target: {fileID: 17069867403931234, guid: 5ac5851f3fa6d9ef0a87346abd5a70aa, type: 3}
      propertyPath: m_Color.g
      value: 0
      objectReference: {fileID: 0}
    - target: {fileID: 17069867403931234, guid: 5ac5851f3fa6d9ef0a87346abd5a70aa, type: 3}
      propertyPath: m_Color.r
      value: 0
      objectReference: {fileID: 0}
    - target: {fileID: 487506118802234392, guid: 5ac5851f3fa6d9ef0a87346abd5a70aa, type: 3}
      propertyPath: m_LocalScale.x
      value: 0.7692308
      objectReference: {fileID: 0}
    - target: {fileID: 487506118802234392, guid: 5ac5851f3fa6d9ef0a87346abd5a70aa, type: 3}
      propertyPath: m_LocalScale.y
      value: 0.7692308
      objectReference: {fileID: 0}
    - target: {fileID: 2700182764261664078, guid: 5ac5851f3fa6d9ef0a87346abd5a70aa, type: 3}
      propertyPath: m_LocalScale.x
      value: 1.3
      objectReference: {fileID: 0}
    - target: {fileID: 2700182764261664078, guid: 5ac5851f3fa6d9ef0a87346abd5a70aa, type: 3}
      propertyPath: m_LocalScale.y
      value: 1.3
      objectReference: {fileID: 0}
    - target: {fileID: 3389775667060085520, guid: 5ac5851f3fa6d9ef0a87346abd5a70aa, type: 3}
      propertyPath: hp
      value: 7
      objectReference: {fileID: 0}
    - target: {fileID: 3389775667060085520, guid: 5ac5851f3fa6d9ef0a87346abd5a70aa, type: 3}
      propertyPath: type
      value: 13
      objectReference: {fileID: 0}
    - target: {fileID: 3389775667060085520, guid: 5ac5851f3fa6d9ef0a87346abd5a70aa, type: 3}
      propertyPath: maxHp
      value: 7
      objectReference: {fileID: 0}
    - target: {fileID: 3389775667060085520, guid: 5ac5851f3fa6d9ef0a87346abd5a70aa, type: 3}
      propertyPath: radius
      value: 0.65
      objectReference: {fileID: 0}
    - target: {fileID: 3389775667060085520, guid: 5ac5851f3fa6d9ef0a87346abd5a70aa, type: 3}
      propertyPath: moveSpeed
      value: 4
      objectReference: {fileID: 0}
    - target: {fileID: 3389775667060085520, guid: 5ac5851f3fa6d9ef0a87346abd5a70aa, type: 3}
      propertyPath: radiusSqr
      value: 0.42249995
      objectReference: {fileID: 0}
    - target: {fileID: 3389775667060085520, guid: 5ac5851f3fa6d9ef0a87346abd5a70aa, type: 3}
      propertyPath: prefabIndex
      value: 16
      objectReference: {fileID: 0}
    - target: {fileID: 3389775667060085520, guid: 5ac5851f3fa6d9ef0a87346abd5a70aa, type: 3}
      propertyPath: abilities.Array.size
      value: 3
      objectReference: {fileID: 0}
    - target: {fileID: 3389775667060085520, guid: 5ac5851f3fa6d9ef0a87346abd5a70aa, type: 3}
      propertyPath: abilities.Array.data[0]
      value: 
      objectReference: {fileID: -1446103047729917537}
    - target: {fileID: 3389775667060085520, guid: 5ac5851f3fa6d9ef0a87346abd5a70aa, type: 3}
      propertyPath: abilities.Array.data[1]
      value: 
      objectReference: {fileID: 6390357162159255500}
    - target: {fileID: 3389775667060085520, guid: 5ac5851f3fa6d9ef0a87346abd5a70aa, type: 3}
      propertyPath: abilities.Array.data[2]
      value: 
      objectReference: {fileID: 7439641075578293206}
    - target: {fileID: 3389775667060085520, guid: 5ac5851f3fa6d9ef0a87346abd5a70aa, type: 3}
      propertyPath: bulletPatternAbilitiesDict.keys.Array.size
      value: 1
      objectReference: {fileID: 0}
    - target: {fileID: 3389775667060085520, guid: 5ac5851f3fa6d9ef0a87346abd5a70aa, type: 3}
      propertyPath: bulletPatternAbilitiesDict.values.Array.size
      value: 1
      objectReference: {fileID: 0}
    - target: {fileID: 3389775667060085520, guid: 5ac5851f3fa6d9ef0a87346abd5a70aa, type: 3}
      propertyPath: bulletPatternAbilitiesDict.values.Array.data[0]
      value: 
      objectReference: {fileID: 7439641075578293206}
    - target: {fileID: 3661519079892034979, guid: 5ac5851f3fa6d9ef0a87346abd5a70aa, type: 3}
      propertyPath: m_AnchorMax.y
      value: 0
      objectReference: {fileID: 0}
    - target: {fileID: 3661519079892034979, guid: 5ac5851f3fa6d9ef0a87346abd5a70aa, type: 3}
      propertyPath: m_AnchorMin.y
      value: 0
      objectReference: {fileID: 0}
    - target: {fileID: 3661519079892034979, guid: 5ac5851f3fa6d9ef0a87346abd5a70aa, type: 3}
      propertyPath: m_SizeDelta.x
      value: 0
      objectReference: {fileID: 0}
    - target: {fileID: 3661519079892034979, guid: 5ac5851f3fa6d9ef0a87346abd5a70aa, type: 3}
      propertyPath: m_SizeDelta.y
      value: 0
      objectReference: {fileID: 0}
    - target: {fileID: 3661519079892034979, guid: 5ac5851f3fa6d9ef0a87346abd5a70aa, type: 3}
      propertyPath: m_AnchoredPosition.x
      value: 0
      objectReference: {fileID: 0}
    - target: {fileID: 3661519079892034979, guid: 5ac5851f3fa6d9ef0a87346abd5a70aa, type: 3}
      propertyPath: m_AnchoredPosition.y
      value: 0
      objectReference: {fileID: 0}
    - target: {fileID: 4129135758665751697, guid: 5ac5851f3fa6d9ef0a87346abd5a70aa, type: 3}
      propertyPath: m_AnchoredPosition.y
      value: 1.15
      objectReference: {fileID: 0}
    - target: {fileID: 4533337252512127749, guid: 5ac5851f3fa6d9ef0a87346abd5a70aa, type: 3}
      propertyPath: m_AnchorMax.y
      value: 0
      objectReference: {fileID: 0}
    - target: {fileID: 4533337252512127749, guid: 5ac5851f3fa6d9ef0a87346abd5a70aa, type: 3}
      propertyPath: m_AnchorMin.y
      value: 0
      objectReference: {fileID: 0}
    - target: {fileID: 4533337252512127749, guid: 5ac5851f3fa6d9ef0a87346abd5a70aa, type: 3}
      propertyPath: m_SizeDelta.x
      value: 0
      objectReference: {fileID: 0}
    - target: {fileID: 4533337252512127749, guid: 5ac5851f3fa6d9ef0a87346abd5a70aa, type: 3}
      propertyPath: m_SizeDelta.y
      value: 0
      objectReference: {fileID: 0}
    - target: {fileID: 4533337252512127749, guid: 5ac5851f3fa6d9ef0a87346abd5a70aa, type: 3}
      propertyPath: m_AnchoredPosition.x
      value: 0
      objectReference: {fileID: 0}
    - target: {fileID: 4533337252512127749, guid: 5ac5851f3fa6d9ef0a87346abd5a70aa, type: 3}
      propertyPath: m_AnchoredPosition.y
      value: 0
      objectReference: {fileID: 0}
    - target: {fileID: 7250082470801022147, guid: 5ac5851f3fa6d9ef0a87346abd5a70aa, type: 3}
      propertyPath: m_Controller
      value: 
      objectReference: {fileID: 9100000, guid: dc4cb5ea8ed8b45479a2eda2497c2dbf, type: 2}
    - target: {fileID: 8094417678492987843, guid: 5ac5851f3fa6d9ef0a87346abd5a70aa, type: 3}
      propertyPath: m_Name
      value: Player Unit 2
      objectReference: {fileID: 0}
    - target: {fileID: 8094417678492987844, guid: 5ac5851f3fa6d9ef0a87346abd5a70aa, type: 3}
      propertyPath: m_Mass
      value: 1.3273227
      objectReference: {fileID: 0}
    - target: {fileID: 8094417678492987846, guid: 5ac5851f3fa6d9ef0a87346abd5a70aa, type: 3}
      propertyPath: m_Color.b
      value: 0.5019608
      objectReference: {fileID: 0}
    - target: {fileID: 8094417678492987846, guid: 5ac5851f3fa6d9ef0a87346abd5a70aa, type: 3}
      propertyPath: m_Color.r
      value: 0
      objectReference: {fileID: 0}
    - target: {fileID: 8094417678492987847, guid: 5ac5851f3fa6d9ef0a87346abd5a70aa, type: 3}
      propertyPath: m_RootOrder
      value: 0
      objectReference: {fileID: 0}
    - target: {fileID: 8094417678492987847, guid: 5ac5851f3fa6d9ef0a87346abd5a70aa, type: 3}
      propertyPath: m_LocalScale.x
      value: 1.3
      objectReference: {fileID: 0}
    - target: {fileID: 8094417678492987847, guid: 5ac5851f3fa6d9ef0a87346abd5a70aa, type: 3}
      propertyPath: m_LocalScale.y
      value: 1.3
      objectReference: {fileID: 0}
    - target: {fileID: 8094417678492987847, guid: 5ac5851f3fa6d9ef0a87346abd5a70aa, type: 3}
      propertyPath: m_LocalScale.z
      value: 1
      objectReference: {fileID: 0}
    - target: {fileID: 8094417678492987847, guid: 5ac5851f3fa6d9ef0a87346abd5a70aa, type: 3}
      propertyPath: m_LocalPosition.x
      value: 0
      objectReference: {fileID: 0}
    - target: {fileID: 8094417678492987847, guid: 5ac5851f3fa6d9ef0a87346abd5a70aa, type: 3}
      propertyPath: m_LocalPosition.y
      value: 0
      objectReference: {fileID: 0}
    - target: {fileID: 8094417678492987847, guid: 5ac5851f3fa6d9ef0a87346abd5a70aa, type: 3}
      propertyPath: m_LocalPosition.z
      value: 0
      objectReference: {fileID: 0}
    - target: {fileID: 8094417678492987847, guid: 5ac5851f3fa6d9ef0a87346abd5a70aa, type: 3}
      propertyPath: m_LocalRotation.w
      value: 1
      objectReference: {fileID: 0}
    - target: {fileID: 8094417678492987847, guid: 5ac5851f3fa6d9ef0a87346abd5a70aa, type: 3}
      propertyPath: m_LocalRotation.x
      value: 0
      objectReference: {fileID: 0}
    - target: {fileID: 8094417678492987847, guid: 5ac5851f3fa6d9ef0a87346abd5a70aa, type: 3}
      propertyPath: m_LocalRotation.y
      value: 0
      objectReference: {fileID: 0}
    - target: {fileID: 8094417678492987847, guid: 5ac5851f3fa6d9ef0a87346abd5a70aa, type: 3}
      propertyPath: m_LocalRotation.z
      value: 0
      objectReference: {fileID: 0}
    - target: {fileID: 8094417678492987847, guid: 5ac5851f3fa6d9ef0a87346abd5a70aa, type: 3}
      propertyPath: m_LocalEulerAnglesHint.x
      value: 0
      objectReference: {fileID: 0}
    - target: {fileID: 8094417678492987847, guid: 5ac5851f3fa6d9ef0a87346abd5a70aa, type: 3}
      propertyPath: m_LocalEulerAnglesHint.y
      value: 0
      objectReference: {fileID: 0}
    - target: {fileID: 8094417678492987847, guid: 5ac5851f3fa6d9ef0a87346abd5a70aa, type: 3}
      propertyPath: m_LocalEulerAnglesHint.z
      value: 0
      objectReference: {fileID: 0}
    - target: {fileID: 9083511822543717652, guid: 5ac5851f3fa6d9ef0a87346abd5a70aa, type: 3}
      propertyPath: m_AnchorMax.y
      value: 0
      objectReference: {fileID: 0}
    - target: {fileID: 9083511822543717652, guid: 5ac5851f3fa6d9ef0a87346abd5a70aa, type: 3}
      propertyPath: m_AnchorMin.y
      value: 0
      objectReference: {fileID: 0}
    - target: {fileID: 9083511822543717652, guid: 5ac5851f3fa6d9ef0a87346abd5a70aa, type: 3}
      propertyPath: m_SizeDelta.x
      value: 0
      objectReference: {fileID: 0}
    - target: {fileID: 9083511822543717652, guid: 5ac5851f3fa6d9ef0a87346abd5a70aa, type: 3}
      propertyPath: m_SizeDelta.y
      value: 0
      objectReference: {fileID: 0}
    - target: {fileID: 9083511822543717652, guid: 5ac5851f3fa6d9ef0a87346abd5a70aa, type: 3}
      propertyPath: m_AnchoredPosition.x
      value: 0
      objectReference: {fileID: 0}
    - target: {fileID: 9083511822543717652, guid: 5ac5851f3fa6d9ef0a87346abd5a70aa, type: 3}
      propertyPath: m_AnchoredPosition.y
      value: 0
      objectReference: {fileID: 0}
    m_RemovedComponents: []
    m_AddedGameObjects:
    - targetCorrespondingSourceObject: {fileID: 8094417678492987847, guid: 5ac5851f3fa6d9ef0a87346abd5a70aa, type: 3}
      insertIndex: -1
      addedObject: {fileID: 7960513756486762567}
  m_SourcePrefab: {fileID: 100100000, guid: 5ac5851f3fa6d9ef0a87346abd5a70aa, type: 3}
--- !u!114 &250037785894191887 stripped
MonoBehaviour:
  m_CorrespondingSourceObject: {fileID: 3389775667060085520, guid: 5ac5851f3fa6d9ef0a87346abd5a70aa, type: 3}
  m_PrefabInstance: {fileID: 3202823533353177119}
  m_PrefabAsset: {fileID: 0}
  m_GameObject: {fileID: 6640437764362887644}
  m_Enabled: 1
  m_EditorHideFlags: 0
  m_Script: {fileID: 11500000, guid: 5f8a202fde2a3da63b8ad6b8100fea32, type: 3}
  m_Name: 
  m_EditorClassIdentifier: 
--- !u!114 &1678147173151957562 stripped
MonoBehaviour:
  m_CorrespondingSourceObject: {fileID: 4268091927901729317, guid: 5ac5851f3fa6d9ef0a87346abd5a70aa, type: 3}
  m_PrefabInstance: {fileID: 3202823533353177119}
  m_PrefabAsset: {fileID: 0}
  m_GameObject: {fileID: 0}
  m_Enabled: 1
  m_EditorHideFlags: 0
  m_Script: {fileID: 11500000, guid: fe87c0e1cc204ed48ad3b37840f39efc, type: 3}
  m_Name: 
  m_EditorClassIdentifier: 
--- !u!114 &3209583337712501113 stripped
MonoBehaviour:
  m_CorrespondingSourceObject: {fileID: 69818999748874598, guid: 5ac5851f3fa6d9ef0a87346abd5a70aa, type: 3}
  m_PrefabInstance: {fileID: 3202823533353177119}
  m_PrefabAsset: {fileID: 0}
  m_GameObject: {fileID: 0}
  m_Enabled: 1
  m_EditorHideFlags: 0
  m_Script: {fileID: 11500000, guid: fe87c0e1cc204ed48ad3b37840f39efc, type: 3}
  m_Name: 
  m_EditorClassIdentifier: 
--- !u!95 &5255631019161586908 stripped
Animator:
  m_CorrespondingSourceObject: {fileID: 7250082470801022147, guid: 5ac5851f3fa6d9ef0a87346abd5a70aa, type: 3}
  m_PrefabInstance: {fileID: 3202823533353177119}
  m_PrefabAsset: {fileID: 0}
--- !u!114 &6492326650319083838 stripped
MonoBehaviour:
  m_CorrespondingSourceObject: {fileID: 8533151104422447393, guid: 5ac5851f3fa6d9ef0a87346abd5a70aa, type: 3}
  m_PrefabInstance: {fileID: 3202823533353177119}
  m_PrefabAsset: {fileID: 0}
  m_GameObject: {fileID: 0}
  m_Enabled: 1
  m_EditorHideFlags: 0
  m_Script: {fileID: 11500000, guid: fe87c0e1cc204ed48ad3b37840f39efc, type: 3}
  m_Name: 
  m_EditorClassIdentifier: 
--- !u!4 &6640437764362887640 stripped
Transform:
  m_CorrespondingSourceObject: {fileID: 8094417678492987847, guid: 5ac5851f3fa6d9ef0a87346abd5a70aa, type: 3}
  m_PrefabInstance: {fileID: 3202823533353177119}
  m_PrefabAsset: {fileID: 0}
--- !u!1 &6640437764362887644 stripped
GameObject:
  m_CorrespondingSourceObject: {fileID: 8094417678492987843, guid: 5ac5851f3fa6d9ef0a87346abd5a70aa, type: 3}
  m_PrefabInstance: {fileID: 3202823533353177119}
  m_PrefabAsset: {fileID: 0}
--- !u!114 &-1446103047729917537
MonoBehaviour:
  m_ObjectHideFlags: 0
  m_CorrespondingSourceObject: {fileID: 0}
  m_PrefabInstance: {fileID: 0}
  m_PrefabAsset: {fileID: 0}
  m_GameObject: {fileID: 6640437764362887644}
  m_Enabled: 1
  m_EditorHideFlags: 0
  m_Script: {fileID: 11500000, guid: 0b205688185c6ea4cb3f67882e4c7e2c, type: 3}
  m_Name: 
  m_EditorClassIdentifier: 
  animationEntry:
    animatorStateName: 
    layer: 0
    animator: {fileID: 5255631019161586908}
  cooldown: 12
  isCoolingDown: 0
  cooldownIndicatorImage: {fileID: 1678147173151957562}
  rechargingColor: {r: 0.5019608, g: 0.5019608, b: 0.5019608, a: 1}
  rechargedColor: {r: 1, g: 1, b: 1, a: 1}
  maxChannelTime: 0
  doAnimation: 0
  cooldownTimeRemaining: 0
  channelTimeRemaining: 0
  multiplyCooldownTimer: 1
  animationNormalizedTime: 0
  spawnTrs: {fileID: 6640437764362887640}
  duration: 0
  spawnablePrefab: {fileID: 2364248672708053118, guid: 3dd49e1862129194e9717fe223954e9f, type: 3}
--- !u!114 &6390357162159255500
MonoBehaviour:
  m_ObjectHideFlags: 0
  m_CorrespondingSourceObject: {fileID: 0}
  m_PrefabInstance: {fileID: 0}
  m_PrefabAsset: {fileID: 0}
  m_GameObject: {fileID: 6640437764362887644}
  m_Enabled: 1
  m_EditorHideFlags: 0
  m_Script: {fileID: 11500000, guid: a83c9e45081f4c9458ee62b8540e57d9, type: 3}
  m_Name: 
  m_EditorClassIdentifier: 
  animationEntry:
    animatorStateName: 
    layer: 0
    animator: {fileID: 5255631019161586908}
  cooldown: 7
  isCoolingDown: 0
  cooldownIndicatorImage: {fileID: 3209583337712501113}
  rechargingColor: {r: 0.5019608, g: 0.5019608, b: 0.5019608, a: 1}
  rechargedColor: {r: 1, g: 1, b: 1, a: 1}
  maxChannelTime: 0
  doAnimation: 1
  cooldownTimeRemaining: 0
  channelTimeRemaining: 0
  multiplyCooldownTimer: 1
  animationNormalizedTime: -Infinity
  source: {fileID: 250037785894191887}
  range: 9
  duration: 2
  playerIndicesIAffect: 00000000
  playersIAffect: []
  canAffectSelf: 1
  canAffectSameUnitType: 1
  indicatorGo: {fileID: 7960568167414336480}
  applyOverTime: 1
  amount: 2
--- !u!114 &7439641075578293206
MonoBehaviour:
  m_ObjectHideFlags: 0
  m_CorrespondingSourceObject: {fileID: 0}
  m_PrefabInstance: {fileID: 0}
  m_PrefabAsset: {fileID: 0}
  m_GameObject: {fileID: 6640437764362887644}
  m_Enabled: 1
  m_EditorHideFlags: 0
  m_Script: {fileID: 11500000, guid: ae00674f06c9b7f43a4ab26e5ae51b21, type: 3}
  m_Name: 
  m_EditorClassIdentifier: 
  animationEntry:
    animatorStateName: Shoot
    layer: 0
    animator: {fileID: 5255631019161586908}
  cooldown: 10
  isCoolingDown: 0
  cooldownIndicatorImage: {fileID: 6492326650319083838}
  rechargingColor: {r: 0.5019608, g: 0.5019608, b: 0.5019608, a: 1}
  rechargedColor: {r: 1, g: 1, b: 1, a: 1}
  maxChannelTime: 0
  doAnimation: 1
  cooldownTimeRemaining: 0
  channelTimeRemaining: 0
  multiplyCooldownTimer: 1
  animationNormalizedTime: -Infinity
  bulletPatternEntry:
    name: 
    bulletPattern: {fileID: 11400000, guid: 966561224bd599546b8e675aea72a55b, type: 2}
    bulletPrefab: {fileID: 637213929362804173, guid: f31d187bd0036bb46a2b2e6fe23469ca, type: 3}
    spawner: {fileID: 6640437764362887640}
  bulletLayerName: Player Bullet
  damageMultiplier: 1
  shooter: {fileID: 250037785894191887}
  player: {fileID: 0}
  playerColor: {r: 0, g: 0, b: 0, a: 0}
  playerLayer: 0
  duration: 5
--- !u!1001 &5891487573391227687
PrefabInstance:
  m_ObjectHideFlags: 0
  serializedVersion: 2
  m_Modification:
    serializedVersion: 2
    m_TransformParent: {fileID: 6640437764362887640}
    m_Modifications:
    - target: {fileID: 4592363379584086215, guid: ec2c9da732e386c45bcc85f91b3547d9, type: 3}
      propertyPath: m_Name
      value: Aura Indicator
      objectReference: {fileID: 0}
    - target: {fileID: 4592450811830582112, guid: ec2c9da732e386c45bcc85f91b3547d9, type: 3}
      propertyPath: m_RootOrder
      value: -1
      objectReference: {fileID: 0}
    - target: {fileID: 4592450811830582112, guid: ec2c9da732e386c45bcc85f91b3547d9, type: 3}
      propertyPath: m_LocalScale.x
      value: 14.846154
      objectReference: {fileID: 0}
    - target: {fileID: 4592450811830582112, guid: ec2c9da732e386c45bcc85f91b3547d9, type: 3}
      propertyPath: m_LocalScale.y
      value: 14.846154
      objectReference: {fileID: 0}
    - target: {fileID: 4592450811830582112, guid: ec2c9da732e386c45bcc85f91b3547d9, type: 3}
      propertyPath: m_LocalScale.z
      value: 19.3
      objectReference: {fileID: 0}
    - target: {fileID: 4592450811830582112, guid: ec2c9da732e386c45bcc85f91b3547d9, type: 3}
      propertyPath: m_LocalPosition.x
      value: 0
      objectReference: {fileID: 0}
    - target: {fileID: 4592450811830582112, guid: ec2c9da732e386c45bcc85f91b3547d9, type: 3}
      propertyPath: m_LocalPosition.y
      value: 0
      objectReference: {fileID: 0}
    - target: {fileID: 4592450811830582112, guid: ec2c9da732e386c45bcc85f91b3547d9, type: 3}
      propertyPath: m_LocalPosition.z
      value: 0
      objectReference: {fileID: 0}
    - target: {fileID: 4592450811830582112, guid: ec2c9da732e386c45bcc85f91b3547d9, type: 3}
      propertyPath: m_LocalRotation.w
      value: 1
      objectReference: {fileID: 0}
    - target: {fileID: 4592450811830582112, guid: ec2c9da732e386c45bcc85f91b3547d9, type: 3}
      propertyPath: m_LocalRotation.x
      value: 0
      objectReference: {fileID: 0}
    - target: {fileID: 4592450811830582112, guid: ec2c9da732e386c45bcc85f91b3547d9, type: 3}
      propertyPath: m_LocalRotation.y
      value: 0
      objectReference: {fileID: 0}
    - target: {fileID: 4592450811830582112, guid: ec2c9da732e386c45bcc85f91b3547d9, type: 3}
      propertyPath: m_LocalRotation.z
      value: 0
      objectReference: {fileID: 0}
    - target: {fileID: 4592450811830582112, guid: ec2c9da732e386c45bcc85f91b3547d9, type: 3}
      propertyPath: m_LocalEulerAnglesHint.x
      value: 0
      objectReference: {fileID: 0}
    - target: {fileID: 4592450811830582112, guid: ec2c9da732e386c45bcc85f91b3547d9, type: 3}
      propertyPath: m_LocalEulerAnglesHint.y
      value: 0
      objectReference: {fileID: 0}
    - target: {fileID: 4592450811830582112, guid: ec2c9da732e386c45bcc85f91b3547d9, type: 3}
      propertyPath: m_LocalEulerAnglesHint.z
      value: 0
      objectReference: {fileID: 0}
    m_RemovedComponents: []
    m_AddedGameObjects: []
  m_SourcePrefab: {fileID: 100100000, guid: ec2c9da732e386c45bcc85f91b3547d9, type: 3}
--- !u!4 &7960513756486762567 stripped
Transform:
  m_CorrespondingSourceObject: {fileID: 4592450811830582112, guid: ec2c9da732e386c45bcc85f91b3547d9, type: 3}
  m_PrefabInstance: {fileID: 5891487573391227687}
  m_PrefabAsset: {fileID: 0}
--- !u!1 &7960568167414336480 stripped
GameObject:
  m_CorrespondingSourceObject: {fileID: 4592363379584086215, guid: ec2c9da732e386c45bcc85f91b3547d9, type: 3}
  m_PrefabInstance: {fileID: 5891487573391227687}
  m_PrefabAsset: {fileID: 0}
